
%%%%%%%%%%%%%%%%%%%%%%%%%%%%%%%
%% ML methods and algorithms %%
%%%%%%%%%%%%%%%%%%%%%%%%%%%%%%%

%% ----------------- %%
%% Anomaly detection %%
%% ----------------- %%

@article{chalapathy2019deep,
    title={Deep learning for anomaly detection: A survey},
    author={Chalapathy, Raghavendra and Chawla, Sanjay},
    journal={arXiv preprint arXiv:1901.03407},
    year={2019}
}
    Checked 7.5.
    Good article about anomaly detection
    Different AD techniques
    Basic info about AD to be cited
    REMEMBER TO CHECK REF LIST


@article{shon2007hybrid,
    title={A hybrid machine learning approach to network anomaly detection},
    author={Shon, Taeshik and Moon, Jongsub},
    journal={Information Sciences},
    volume={177},
    number={18},
    pages={3799--3821},
    year={2007},
    publisher={Elsevier}
}

@article{pu2020hybrid,
    title={A hybrid unsupervised clustering-based anomaly detection method},
    author={Pu, Guo and Wang, Lijuan and Shen, Jun and Dong, Fang},
    journal={Tsinghua Science and Technology},
    volume={26},
    number={2},
    pages={146--153},
    year={2020},
    publisher={TUP}
}

@article{chen2019self,
    title={Self-taught anomaly detection with hybrid unsupervised/supervised machine learning in optical networks},
    author={Chen, Xiaoliang and Li, Baojia and Proietti, Roberto and Zhu, Zuqing and Yoo, SJ Ben},
    journal={Journal of Lightwave Technology},
    volume={37},
    number={7},
    pages={1742--1749},
    year={2019},
    publisher={IEEE}
}


@article{omar2013machine,
    title={Machine learning techniques for anomaly detection: an overview},
    author={Omar, Salima and Ngadi, Asri and Jebur, Hamid H},
    journal={International Journal of Computer Applications},
    volume={79},
    number={2},
    year={2013},
    publisher={Foundation of Computer Science}
}
%    Checked 7.5.
%    Anomaly detection algorithm comparison
%    Different methods and how they function with AD


@article{eskin2000anomaly,
    title={Anomaly detection over noisy data using learned probability distributions},
    author={Eskin, Eleazar},
    year={2000}
}
%    Checked 7.5.
%    Anomaly probability maths
%    Something pretty basic about anomalies in general


@misc{azure2022pca,
    title={PCA-based Anomaly Detection: component reference - Azure machine learning},
    journal={Docs.microsoft.com},
    year={2022},
    url = {https://web.archive.org/web/20220710090015/https://docs.microsoft.com/en-us/azure/machine-learning/component-reference/pca-based-anomaly-detection},
    date = {2022-07-10},
    note = {Accessed: 2022-07-10}
}

@misc{liu2019loganomaly,
    title={Log analysis for anomaly detection},
    url={https://web.archive.org/web/20220715102721/https://davideliu.com/2019/10/26/log-analysis-for-anomaly-detection/},
    journal={KejiTech},
    author={Liu, Davide},
    note = {Accessed: 2022-07-15},
    year={2019}
}

@inproceedings{zhang2019robust,
    title={Robust log-based anomaly detection on unstable log data},
    author={Zhang, Xu and Xu, Yong and Lin, Qingwei and Qiao, Bo and Zhang, Hongyu and Dang, Yingnong and Xie, Chunyu and Yang, Xinsheng and Cheng, Qian and Li, Ze and others},
    booktitle={Proceedings of the 2019 27th ACM Joint Meeting on European Software Engineering Conference and Symposium on the Foundations of Software Engineering},
    pages={807--817},
    year={2019}
}
%    Checked 7.5.
%    Log data anomalies
%    Instabilities, such as
%    Evolution of logging statements, and
%    Processing noise in log data


%% ------------------------ %%
%% Hybrid ML techniques etc %%
%% ------------------------ %%


@article{Anifowose2020hml,
    title={Hybrid Machine Learning Explained in Nontechnical Terms},
    author={Anifowose, Fatai},
    journal={JPT},
    year={2020},
    url = {https://web.archive.org/web/20220612142143/https://jpt.spe.org/hybrid-machine-learning-explained-nontechnical-terms}
}
%   Checked 12.6.
%   Good for Hybrid ML explaining

@article{tsai2010credit,
    title={Credit rating by hybrid machine learning techniques},
    author={Tsai, Chih-Fong and Chen, Ming-Lun},
    journal={Applied soft computing},
    volume={10},
    number={2},
    pages={374--380},
    year={2010},
    publisher={Elsevier}
}

@article{mohan2019effective,
    title={Effective heart disease prediction using hybrid machine learning techniques},
    author={Mohan, Senthilkumar and Thirumalai, Chandrasegar and Srivastava, Gautam},
    journal={IEEE access},
    volume={7},
    pages={81542--81554},
    year={2019},
    publisher={IEEE}
}


%% ------------------------------------ %%
%% Reference list for hybrid ML proving %%
%% ------------------------------------ %%
@article{hsieh2005hybrid, title={Hybrid mining approach in the design of credit scoring models}, author={Hsieh, Nan-Chen}, journal={Expert Systems with Applications}, volume={28}, number={4}, pages={655--665}, year={2005}, publisher={Elsevier} }
@article{jain2007hybrid, title={Hybrid neural network models for hydrologic time series forecasting}, author={Jain, Ashu and Kumar, Avadhnam Madhav}, journal={Applied Soft Computing}, volume={7}, number={2}, pages={585--592}, year={2007}, publisher={Elsevier} }
@article{kim2007hybrid, title={A hybrid approach based on neural networks and genetic algorithms for detecting temporal patterns in stock markets}, author={Kim, Hyun-jung and Shin, Kyung-shik}, journal={Applied Soft Computing}, volume={7}, number={2}, pages={569--576}, year={2007}, publisher={Elsevier} }
@article{lee2002credit, title={Credit scoring using the hybrid neural discriminant technique}, author={Lee, Tian-Shyug and Chiu, Chih-Chou and Lu, Chi-Jie and Chen, I-Fei}, journal={Expert Systems with applications}, volume={23}, number={3}, pages={245--254}, year={2002}, publisher={Elsevier} }
@article{malhotra2002differentiating, title={Differentiating between good credits and bad credits using neuro-fuzzy systems}, author={Malhotra, Rashmi and Malhotra, DK}, journal={European journal of operational research}, volume={136}, number={1}, pages={190--211}, year={2002}, publisher={Elsevier} }


%% -------------------------------- %%
%% General ML algorithms and usages %%
%% -------------------------------- %%

@article{winky,
    author = {Winky K.O. Ho and Bo-Sin Tang and Siu Wai Wong},
    title = {Predicting property prices with machine learning algorithms},
    journal = {Journal of Property Research},
    volume = {38},
    number = {1},
    pages = {48-70},
    year  = {2021},
    publisher = {Routledge},
    doi = {10.1080/09599916.2020.1832558},
    URL = {https://doi.org/10.1080/09599916.2020.1832558},
    eprint = {https://doi.org/10.1080/09599916.2020.1832558}
}
@INPROCEEDINGS{ghanem,
  author={Ghanem, Kinan and Aparicio-Navarro, Francisco J. and Kyriakopoulos, Konstantinos G. and Lambotharan, Sangarapillai and Chambers, Jonathon A.},
  booktitle={2017 Sensor Signal Processing for Defence Conference (SSPD)}, 
  title={Support Vector Machine for Network Intrusion and Cyber-Attack Detection}, 
  year={2017},
  pages={1-5},
  doi={10.1109/SSPD.2017.8233268}
}

@article{ramstedt2020reinforcement,
    title={Reinforcement Learning with Random Delays},
    author={Ramstedt, Simon and Bouteiller, Yann and Beltrame, Giovanni and Pal, Christopher and Binas, Jonathan},
    journal={arXiv preprint arXiv:2010.02966},
    year={2020}
}

@article{ahmed2010empirical,
    title={An empirical comparison of machine learning models for time series forecasting},
    author={Ahmed, Nesreen K and Atiya, Amir F and Gayar, Neamat El and El-Shishiny, Hisham},
    journal={Econometric reviews},
    volume={29},
    number={5-6},
    pages={594--621},
    year={2010},
    publisher={Taylor \& Francis}
}
%    Chcked 7.5.
%    General comparison between different machine learning models
%    Might be usefull if need to explain different methods:
%    multilayer perceptron, Bayesian neural networks, radial basis functions,
%    generalized regression neural networks (also called kernel regression),
%    K-nearest neighbor regression, CART regression trees, support vector regression,
%    and Gaussian processes


@article{erharter2021pointlessness,
    title={On the pointlessness of machine learning based time delayed prediction of TBM operational data},
    author={Erharter, Georg H and Marcher, Thomas},
    journal={Automation in Construction},
    volume={121},
    pages={103443},
    year={2021},
    publisher={Elsevier}
}
%    Checked 7.5.
%    Time delay forecasting
%    Consider this in discussion section
%    Could it be used somehow?


@article{chen2017purtreeclust,
    title={Purtreeclust: A clustering algorithm for customer segmentation from massive customer transaction data},
    author={Chen, Xiaojun and Fang, Yixiang and Yang, Min and Nie, Feiping and Zhao, Zhou and Huang, Joshua Zhexue},
    journal={IEEE Transactions on Knowledge and Data Engineering},
    volume={30},
    number={3},
    pages={559--572},
    year={2017},
    publisher={IEEE}
}


@misc{li2017mlalgorithm,
    title={Which machine learning algorithm should I use?},
    url={https://web.archive.org/web/20220402120055/https://blogs.sas.com/content/subconsciousmusings/2020/12/09/machine-learning-algorithm-use/},
    journal={The SAS Data Science Blog},
    author={Li, Hui},
    year={2017},
    note = {Accessed: 2022-07-13},
}


%%%%%%%%%%%%%%%%%%%%%%%%%%%%%%%%%%%%%%%%%%%
%% Log analysis and monitoring, generally and with ML %%
%%%%%%%%%%%%%%%%%%%%%%%%%%%%%%%%%%%%%%%%%%%
@article{delarosa2018log,
    title={Log monitoring: not the ugly sister},
    author={DeLaRosa, Alexander},
    journal={Pandora FMS},
    year={2018},
    url = {https://web.archive.org/web/20210901031146/https://pandorafms.com/blog/log-monitoring/}
}
%    General info about logs. What are they, why are they.
%    "A log file is a text file or XML file used to register the automatically produced
%        and time-stamped documentation of events, behaviors and conditions relevant to a particular system.
%        Generally every software, application, operating system and network device produces log files."



@mastersthesis{rantala2019applying,
    title={Applying machine learning to automatic incident detection from software log output},
    author={Rantala, Aapo},
    school = {Aalto-yliopisto, Sähkötekniikan korkeakoulu},
    note = {Available: \url{http://urn.fi/URN:NBN:fi:aalto-201906234018}},
    year={2019}
}

@inproceedings{allagi2019analysis,
    title={Analysis of Network log data using Machine Learning},
    author={Allagi, Shridhar and Rachh, Rashmi},
    booktitle={2019 IEEE 5th International Conference for Convergence in Technology (I2CT)},
    pages={1--3},
    year={2019},
    organization={IEEE}
}
% Just for reference, exists

@inproceedings{kondo2017early,
    title={Early detection of at-risk students using machine learning based on LMS log data},
    author={Kondo, Nobuhiko and Okubo, Midori and Hatanaka, Toshiharu},
    booktitle={2017 6th IIAI international congress on advanced applied informatics (IIAI-AAI)},
    pages={198--201},
    year={2017},
    organization={IEEE}
}

@inproceedings{cao2017machine,
    title={Machine learning to detect anomalies in web log analysis},
    author={Cao, Qimin and Qiao, Yinrong and Lyu, Zhong},
    booktitle={2017 3rd IEEE International Conference on Computer and Communications (ICCC)},
    pages={519--523},
    year={2017},
    organization={IEEE}
}
% Just for reference, exists

%%%%%%%%%%%%%%%%%%%%%%%%%%%%%%%%%
%% ML Cloud services and MLaaS %%
%%%%%%%%%%%%%%%%%%%%%%%%%%%%%%%%%

@misc{altexsoft2021mlaas,
    title = {Comparing Machine Learning as a Service: Amazon, Microsoft Azure, Google Cloud AI, IBM Watson},
    date = {2021-04-25},
    url={https://web.archive.org/web/20220714131635/https://www.altexsoft.com/blog/datascience/comparing-machine-learning-as-a-service-amazon-microsoft-azure-google-cloud-ai-ibm-watson/},
    note = {Accessed: 2022-04-04}
}

@inproceedings{ribeiro2015mlaas,
    title={Mlaas: Machine learning as a service},
    author={Ribeiro, Mauro and Grolinger, Katarina and Capretz, Miriam AM},
    booktitle={2015 IEEE 14th International Conference on Machine Learning and Applications (ICMLA)},
    pages={896--902},
    year={2015},
    organization={IEEE}
}
@article{hunt2018chiron,
    title={Chiron: Privacy-preserving machine learning as a service},
    author={Hunt, Tyler and Song, Congzheng and Shokri, Reza and Shmatikov, Vitaly and Witchel, Emmett},
    journal={arXiv preprint arXiv:1803.05961},
    year={2018}
}

@misc{vickery2019mltypes,
    title={Beginners Guide to the Three Types of Machine Learning},
    url ={https://web.archive.org/web/20220712170551/https://towardsdatascience.com/beginners-guide-to-the-three-types-of-machine-learning-3141730ef45d?gi=9db5aaf56001},
    journal={Medium},
    author={Vickery, Rebecca},
    year={2019},
    note = {Accessed: 2022-07-12}
}

@misc{microsoft2022azureml,
    title={Azure Machine Learning - ML as a Service - Microsoft Azure 2022},
    url={https://web.archive.org/web/20220714154625/https://azure.microsoft.com/en-us/services/machine-learning},
    journal={Azure.microsoft.com},
    year={2022},
    note = {Accessed: 2022-07-12}
}


%%%%%%%%%%%%%%%%%%%%%%%%%%%%%%%
%% General usefull citations %%
%%%%%%%%%%%%%%%%%%%%%%%%%%%%%%%

@article{donepudi2017machine,
    title={Machine learning and artificial intelligence in banking},
    author={Donepudi, Praveen Kumar},
    journal={Engineering International},
    volume={5},
    number={2},
    pages={83--86},
    year={2017}
}
%    Checked 8.5.
%    Machine learning in banking industry


@article{ribeiro2021robotic,
    title={Robotic process automation and artificial intelligence in industry 4.0--a literature review},
    author={Ribeiro, Jorge and Lima, Rui and Eckhardt, Tiago and Paiva, Sara},
    journal={Procedia Computer Science},
    volume={181},
    pages={51--58},
    year={2021},
    publisher={Elsevier}
}
%    Checked 8.5.
%    RPA and AI definitions and differences

@misc{van2018robotic,
    title={Robotic process automation},
    author={Van der Aalst, Wil MP and Bichler, Martin and Heinzl, Armin},
    journal={Business \& Information Systems Engineering},
    volume={60},
    number={4},
    pages={269--272},
    year={2018},
    publisher={Springer}
}
%    Checked 8.5.
%    RPA general information

@article{jordan2015machine,
  title={Machine learning: Trends, perspectives, and prospects},
  author={Jordan, Michael I and Mitchell, Tom M},
  journal={Science},
  volume={349},
  number={6245},
  pages={255--260},
  year={2015},
  publisher={American Association for the Advancement of Science}
}
%   Checked 19.5.
%   ML in general. Definition. Read more?

@article{ayodele2010types,
    title={Types of machine learning algorithms},
    author={Ayodele, Taiwo Oladipupo},
    journal={New advances in machine learning},
    volume={3},
    pages={19--48},
    year={2010},
    publisher={University of Portsmouth UK}
}
% Checked 30.6.
% General ML, algorithms and training types

@article{mahesh2020machine,
    title={Machine learning algorithms-a review},
    author={Mahesh, Batta},
    journal={International Journal of Science and Research (IJSR).[Internet]},
    volume={9},
    pages={381--386},
    year={2020}
}
% Checked 30.6.
% General ML, algorithms and training types

@misc{baheti2022datasplit,
    title={Train Test Validation Split: How To and Best Practices 2022},
    journal={V7labs.com},
    author={Baheti, Pragati},
    url={https://web.archive.org/web/20220714125714/https://www.v7labs.com/blog/train-validation-test-set},
    note = {Accessed: 2022-07-14},
    year={2022}
}

@article{zhou2017machine,
    title={Machine learning on big data: Opportunities and challenges},
    author={Zhou, Lina and Pan, Shimei and Wang, Jianwu and Vasilakos, Athanasios V},
    journal={Neurocomputing},
    volume={237},
    pages={350--361},
    year={2017},
    publisher={Elsevier}
}

@misc{merriam2022algorithm,
    title={Definition of algorithm},
    journal={Merriam-Webster},
    date = {2022-05-10},
    url={https://web.archive.org/web/20220510183749/https://www.merriam-webster.com/dictionary/algorithm},
    note = {Accessed: 2022-05-19}
}
%   Checked 19.5.
%   Algorithm definitionx


@article{noumeir2007pseudonymization,
    title={Pseudonymization of radiology data for research purposes},
    author={Noumeir, Rita and Lemay, Alain and Lina, Jean-Marc},
    journal={Journal of digital imaging},
    volume={20},
    number={3},
    pages={284--295},
    year={2007},
    publisher={Springer}
}
%   Pseudonymization


@inproceedings{byun2007efficient,
    title={Efficient k-anonymization using clustering techniques},
    author={Byun, Ji-Won and Kamra, Ashish and Bertino, Elisa and Li, Ninghui},
    booktitle={International Conference on Database Systems for Advanced Applications},
    pages={188--200},
    year={2007},
    organization={Springer}
}
%   K-anonymization


@inproceedings{li2008regular,
    title={Regular expression learning for information extraction},
    author={Li, Yunyao and Krishnamurthy, Rajasekar and Raghavan, Sriram and Vaithyanathan, Shivakumar and Jagadish, HV},
    booktitle={Proceedings of the 2008 conference on empirical methods in natural language processing},
    pages={21--30},
    year={2008}
}
%   Regex or regular expression

%%%%%%%%%%%%%%%%%%%%%%%%%%%%%%%%%
%% Sort out and check contents %%
%%%%%%%%%%%%%%%%%%%%%%%%%%%%%%%%%


@article{leo2019machine,
    title={Machine learning in banking risk management: A literature review},
    author={Leo, Martin and Sharma, Suneel and Maddulety, Koilakuntla},
    journal={Risks},
    volume={7},
    number={1},
    pages={29},
    year={2019},
    publisher={Multidisciplinary Digital Publishing Institute}
}